[gd_scene load_steps=6 format=2]

[ext_resource path="res://assets/32-32_white.png" type="Texture" id=1]
[ext_resource path="res://assets/Titillium-Regular.otf" type="DynamicFontData" id=2]

[sub_resource type="StyleBoxFlat" id=1]

content_margin_left = -1.0
content_margin_right = -1.0
content_margin_top = -1.0
content_margin_bottom = -1.0
bg_color = Color( 0.158587, 0.106689, 0.179688, 1 )
draw_center = true
border_width_left = 0
border_width_top = 0
border_width_right = 0
border_width_bottom = 0
border_color = Color( 0.277183, 0.201141, 0.304688, 1 )
border_blend = false
corner_radius_top_left = 0
corner_radius_top_right = 70
corner_radius_bottom_right = 0
corner_radius_bottom_left = 0
corner_detail = 3
expand_margin_left = 0.0
expand_margin_right = 0.0
expand_margin_top = 0.0
expand_margin_bottom = 0.0
shadow_color = Color( 0, 0, 0, 0.6 )
shadow_size = 0
anti_aliasing = false
anti_aliasing_size = 1
_sections_unfolded = [ "Border Width" ]

[sub_resource type="StyleBoxFlat" id=2]

content_margin_left = -1.0
content_margin_right = -1.0
content_margin_top = -1.0
content_margin_bottom = -1.0
bg_color = Color( 0.6, 0.6, 0.6, 1 )
draw_center = true
border_width_left = 0
border_width_top = 0
border_width_right = 0
border_width_bottom = 0
border_color = Color( 0.8, 0.8, 0.8, 1 )
border_blend = false
corner_radius_top_left = 0
corner_radius_top_right = 0
corner_radius_bottom_right = 0
corner_radius_bottom_left = 0
corner_detail = 8
expand_margin_left = 0.0
expand_margin_right = 0.0
expand_margin_top = 0.0
expand_margin_bottom = 0.0
shadow_color = Color( 0, 0, 0, 0.6 )
shadow_size = 0
anti_aliasing = true
anti_aliasing_size = 1

[sub_resource type="DynamicFont" id=3]

size = 42
use_mipmaps = false
use_filter = true
font_data = ExtResource( 2 )
_sections_unfolded = [ "Extra Spacing", "Settings" ]

[node name="HUD" type="Control"]

anchor_left = 0.0
anchor_top = 0.0
anchor_right = 1.0
anchor_bottom = 1.0
rect_pivot_offset = Vector2( 0, 0 )
rect_clip_content = false
mouse_filter = 0
mouse_default_cursor_shape = 0
size_flags_horizontal = 1
size_flags_vertical = 1

[node name="Crosshair" type="Control" parent="." index="0"]

visible = false
modulate = Color( 1, 1, 1, 0.705882 )
anchor_left = 0.5
anchor_top = 0.5
anchor_right = 0.5
anchor_bottom = 0.5
margin_left = -21.0
margin_top = -21.0
margin_right = 21.0
margin_bottom = 21.0
rect_pivot_offset = Vector2( 0, 0 )
rect_clip_content = false
mouse_filter = 0
mouse_default_cursor_shape = 0
size_flags_horizontal = 1
size_flags_vertical = 1
_sections_unfolded = [ "Rect", "Visibility" ]

[node name="Bottom_IMG" type="TextureRect" parent="Crosshair" index="0"]

anchor_left = 0.5
anchor_top = 0.5
anchor_right = 0.5
anchor_bottom = 0.5
margin_left = -2.5
margin_top = 4.5
margin_right = 2.5
margin_bottom = 20.5
rect_pivot_offset = Vector2( 0, 0 )
rect_clip_content = false
mouse_filter = 1
mouse_default_cursor_shape = 0
size_flags_horizontal = 1
size_flags_vertical = 1
texture = ExtResource( 1 )
expand = true
stretch_mode = 0
_sections_unfolded = [ "Rect", "Visibility" ]

[node name="Top_IMG" type="TextureRect" parent="Crosshair" index="1"]

anchor_left = 0.5
anchor_top = 0.5
anchor_right = 0.5
anchor_bottom = 0.5
margin_left = -2.5
margin_top = -20.5
margin_right = 2.5
margin_bottom = -4.5
rect_pivot_offset = Vector2( 0, 0 )
rect_clip_content = false
mouse_filter = 1
mouse_default_cursor_shape = 0
size_flags_horizontal = 1
size_flags_vertical = 1
texture = ExtResource( 1 )
expand = true
stretch_mode = 0
_sections_unfolded = [ "Rect" ]

[node name="Left_IMG" type="TextureRect" parent="Crosshair" index="2"]

anchor_left = 0.5
anchor_top = 0.5
anchor_right = 0.5
anchor_bottom = 0.5
margin_left = -4.5
margin_top = -2.5
margin_right = 0.5
margin_bottom = 12.5
rect_rotation = 90.0
rect_pivot_offset = Vector2( 0, 0 )
rect_clip_content = false
mouse_filter = 1
mouse_default_cursor_shape = 0
size_flags_horizontal = 1
size_flags_vertical = 1
texture = ExtResource( 1 )
expand = true
stretch_mode = 0
_sections_unfolded = [ "Rect" ]

[node name="Right_IMG" type="TextureRect" parent="Crosshair" index="3"]

anchor_left = 0.5
anchor_top = 0.5
anchor_right = 0.5
anchor_bottom = 0.5
margin_left = 19.5
margin_top = -2.5
margin_right = 24.5
margin_bottom = 12.5
rect_rotation = 90.0
rect_pivot_offset = Vector2( 0, 0 )
rect_clip_content = false
mouse_filter = 1
mouse_default_cursor_shape = 0
size_flags_horizontal = 1
size_flags_vertical = 1
texture = ExtResource( 1 )
expand = true
stretch_mode = 0
_sections_unfolded = [ "Rect" ]

[node name="Panel" type="Panel" parent="." index="1"]

modulate = Color( 1, 1, 1, 0.705882 )
anchor_left = 0.0
anchor_top = 0.0
anchor_right = 0.0
anchor_bottom = 0.0
margin_top = 747.0
margin_right = 444.0
margin_bottom = 909.0
rect_pivot_offset = Vector2( 0, 0 )
rect_clip_content = false
mouse_filter = 0
mouse_default_cursor_shape = 0
size_flags_horizontal = 1
size_flags_vertical = 1
custom_styles/panelf = SubResource( 1 )
custom_styles/panel = SubResource( 1 )
custom_styles/panelnc = SubResource( 1 )
_sections_unfolded = [ "Rect", "Visibility", "custom_styles" ]

[node name="Panel_border" type="Panel" parent="Panel" index="0"]

modulate = Color( 0.679688, 0.679688, 0.679688, 1 )
show_behind_parent = true
anchor_left = 0.0
anchor_top = 0.0
anchor_right = 0.0
anchor_bottom = 0.0
margin_top = 90.0
margin_right = 433.0
margin_bottom = 159.0
rect_pivot_offset = Vector2( 0, 0 )
rect_clip_content = false
mouse_filter = 0
mouse_default_cursor_shape = 0
size_flags_horizontal = 1
size_flags_vertical = 1
custom_styles/panelf = SubResource( 2 )
custom_styles/panel = SubResource( 1 )
custom_styles/panelnc = SubResource( 1 )
_sections_unfolded = [ "Anchor", "Focus", "Grow Direction", "Hint", "Margin", "Material", "Mouse", "Rect", "Size Flags", "Theme", "Visibility", "custom_styles" ]

[node name="Panel_border2" type="Panel" parent="Panel" index="1"]

modulate = Color( 0.679688, 0.679688, 0.679688, 1 )
show_behind_parent = true
anchor_left = 0.0
anchor_top = 0.0
anchor_right = 0.0
anchor_bottom = 0.0
margin_top = 11.0
margin_right = 431.0
margin_bottom = 80.0
rect_pivot_offset = Vector2( 0, 0 )
rect_clip_content = false
mouse_filter = 0
mouse_default_cursor_shape = 0
size_flags_horizontal = 1
size_flags_vertical = 1
custom_styles/panelf = SubResource( 2 )
custom_styles/panel = SubResource( 1 )
custom_styles/panelnc = SubResource( 1 )
_sections_unfolded = [ "Anchor", "Focus", "Grow Direction", "Hint", "Margin", "Material", "Mouse", "Rect", "Size Flags", "Theme", "Visibility", "custom_styles" ]

[node name="Gun_label" type="Label" parent="Panel" index="2"]

self_modulate = Color( 1, 1, 1, 0.705882 )
anchor_left = 0.0
anchor_top = 0.0
anchor_right = 0.0
anchor_bottom = 0.0
margin_left = 11.0
margin_top = 108.0
margin_right = 433.0
margin_bottom = 160.0
rect_pivot_offset = Vector2( 0, 0 )
rect_clip_content = false
mouse_filter = 2
mouse_default_cursor_shape = 0
size_flags_horizontal = 1
size_flags_vertical = 4
custom_fonts/font = SubResource( 3 )
custom_colors/font_color = Color( 1, 1, 1, 1 )
text = "Health: 100"
percent_visible = 1.0
lines_skipped = 0
max_lines_visible = -1
_sections_unfolded = [ "Anchor", "Focus", "Grow Direction", "Hint", "Margin", "Material", "Mouse", "Rect", "Size Flags", "Theme", "Visibility", "custom_colors", "custom_constants", "custom_fonts", "custom_styles" ]

[node name="Gun_label2" type="Label" parent="Panel" index="3"]

self_modulate = Color( 1, 1, 1, 0.705882 )
anchor_left = 0.0
anchor_top = 0.0
anchor_right = 0.0
anchor_bottom = 0.0
margin_left = 11.0
margin_top = 25.0
margin_right = 338.0
margin_bottom = 77.0
rect_pivot_offset = Vector2( 0, 0 )
rect_clip_content = false
mouse_filter = 2
mouse_default_cursor_shape = 0
size_flags_horizontal = 1
size_flags_vertical = 4
custom_fonts/font = SubResource( 3 )
custom_colors/font_color = Color( 1, 1, 1, 1 )
text = "Contamination: 0%"
percent_visible = 1.0
lines_skipped = 0
max_lines_visible = -1
_sections_unfolded = [ "Anchor", "Focus", "Grow Direction", "Hint", "Margin", "Material", "Mouse", "Rect", "Size Flags", "Theme", "Visibility", "custom_colors", "custom_constants", "custom_fonts", "custom_styles" ]

[node name="Death_Screen" type="ColorRect" parent="." index="2"]

visible = false
anchor_left = 0.0
anchor_top = 0.0
anchor_right = 0.0
anchor_bottom = 0.0
margin_right = 1280.0
margin_bottom = 720.0
rect_pivot_offset = Vector2( 0, 0 )
rect_clip_content = false
mouse_filter = 0
mouse_default_cursor_shape = 0
size_flags_horizontal = 1
size_flags_vertical = 1
color = Color( 0.140625, 0.140625, 0.140625, 0.901961 )

[node name="Label" type="Label" parent="Death_Screen" index="0"]

anchor_left = 0.0
anchor_top = 0.0
anchor_right = 0.0
anchor_bottom = 0.0
margin_right = 1280.0
margin_bottom = 720.0
rect_pivot_offset = Vector2( 0, 0 )
rect_clip_content = false
mouse_filter = 2
mouse_default_cursor_shape = 0
size_flags_horizontal = 1
size_flags_vertical = 4
custom_fonts/font = SubResource( 3 )
text = "You died
0.00 seconds till respawn"
align = 1
valign = 1
percent_visible = 1.0
lines_skipped = 0
max_lines_visible = -1
_sections_unfolded = [ "custom_fonts" ]


